%https://2019.ieeeicassp.org/resources/CFP11.pdf


%%%%%%%%%%%%%%%%%%%%%%%%%%%%AWID-Dtaset%%%%%%%%%%%%%%%%%%%%%%%%%%%%%%%%%%%%%%%%%%%%
@Article{Agarwal2018Evil_twin,
author="Agarwal, Mayank
and Biswas, Santosh
and Nandi, Sukumar",
title="An Efficient Scheme to Detect Evil Twin Rogue Access Point Attack in 802.11 Wi-Fi Networks",
journal="International Journal of Wireless Information Networks",
year="2018",
month="Jun",
day="01",
volume="25",
number="2",
pages="130--145",
}



@misc{AWID,
      Title={AWID Dataset - wireless security datasets project},
   Year={2014},
   url={http://icsdweb.aegean.gr/awid/}
}

@ARTICLE{AWID_main, 
author={C. Kolias and G. Kambourakis and A. Stavrou and S. Gritzalis}, 
journal={IEEE Communications Surveys Tutorials}, 
title={Intrusion Detection in 802.11 Networks: Empirical Evaluation of Threats and a Public Dataset}, 
year={2016}, 
volume={18}, 
number={1}, 
pages={184-208}, }
@inproceedings{alotaibi2016majority,
  title={A majority voting technique for wireless intrusion detection systems},
  author={Alotaibi, Bandar and Elleithy, Khaled},
  booktitle={Systems, Applications and Technology Conference (LISAT), 2016 IEEE Long Island},
  pages={1--6},
  year={2016},
  organization={IEEE}
}
@article{kolias2017,
  title={TermID: a distributed swarm intelligence-based approach for wireless intrusion detection},
  author={Kolias, Constantinos and Kolias, Vasilis and Kambourakis, Georgios},
  journal={International Journal of Information Security},
  volume={16},
  number={4},
  pages={401--416},
  year={2017},
  publisher={Springer}
}
@article{yang2018,
  title={V-CNN: When Convolutional Neural Network encounters Data Visualization},
  author={Yang, Mao and Li, Bo and Feng, Guanxiong and Yan, Zhongjiang},
  journal={arXiv preprint arXiv:1807.02164},
  year={2018}
}
@inproceedings{kaleem2016cognitive,
  title={A cognitive multi-agent model to detect malicious threats},
  author={Kaleem, Danish and Ferens, Ken},
  booktitle={International Conference on Advances in Applied Cognitive Computing, CSREA},
  pages={58--63},
  year={2016}
}

@article{usha2017anomaly,
  title={Anomaly based intrusion detection for 802.11 networks with optimal features using SVM classifier},
  author={Usha, M and Kavitha, P},
  journal={Wireless Networks},
  volume={23},
  number={8},
  pages={2431--2446},
  year={2017},
  publisher={Springer}
}

@INPROCEEDINGS{than2016, 
author={U. S. K. P. M. Thanthrige and J. Samarabandu and X. Wang}, 
booktitle={2016 IEEE Canadian Conference on Electrical and Computer Engineering (CCECE)}, 
title={Machine learning techniques for intrusion detection on public dataset}, 
year={2016}, 
volume={}, 
number={}, 
pages={1-4}, 
month={May},}

@article{yang2018active,
  title={Active Learning for Wireless IoT Intrusion Detection},
  author={Yang, Kai and Ren, Jie and Zhu, Yanqiao and Zhang, Weiyi},
  journal={arXiv preprint arXiv:1808.01412},
  year={2018}
}
@article{thanthrige2016,
  title={Hidden Markov Model Based Intrusion Alert Prediction},
  author={Thanthrige, Miriya and Perera, Udaya Sampath Karunathilaka},
  year={2016},
}
@inproceedings{aminanto2017improving,
  title={Improving detection of Wi-Fi impersonation by fully unsupervised deep learning},
  author={Aminanto, Muhamad Erza and Kim, Kwangjo},
  booktitle={International Workshop on Information Security Applications},
  pages={212--223},
  year={2017},
  organization={Springer}
}
@article{aminanto2018deep,
  title={Deep abstraction and weighted feature selection for Wi-Fi impersonation detection},
  author={Aminanto, Muhamad Erza and Choi, Rakyong and Tanuwidjaja, Harry Chandra and Yoo, Paul D and Kim, Kwangjo},
  journal={IEEE Transactions on Information Forensics and Security},
  volume={13},
  number={3},
  pages={621--636},
  year={2018},
  publisher={IEEE}
}
@incollection{kim2018deep,
  title={Deep Feature Learning},
  author={Kim, Kwangjo and Aminanto, Muhamad Erza and Tanuwidjaja, Harry Chandra},
  booktitle={Network Intrusion Detection using Deep Learning},
  pages={47--68},
  year={2018},
  publisher={Springer}
}

@article{abdulhammed2018machine,
  title={Machine Learning Approaches for Flow-Based Intrusion Detection Systems},
  author={Abdulhammed, Razan and Musafer, Hassan and Alessa, Ali and Faezipour, Miad and Abuzneid, Abdelshakour A},
year={2018}
}
  
@inproceedings{thing2017ieee,
  title={IEEE 802.11 network anomaly detection and attack classification: A deep learning approach},
  author={Thing, Vrizlynn LL},
  booktitle={Wireless Communications and Networking Conference (WCNC), 2017 IEEE},
  pages={1--6},
  year={2017},
  organization={IEEE}
}
%%%%%%%%%%%%%%%%%%%%%%%%%%%%%%%%%%%%%%%%%%%%%%NSL-KDD%%%%%%%%%%%%%%%%%

@INPROCEEDINGS{Vinay2017, 
author={R. Vinayakumar and K. P. Soman and P. Poornachandran}, 
booktitle={2017 International Conference on Advances in Computing, Communications and Informatics (ICACCI)}, 
title={Applying convolutional neural network for network intrusion detection}, 
year={2017}, 
volume={}, 
number={}, 
pages={1222-1228}, 
month={Sept},}

@INPROCEEDINGS{Gao2014, 
author={N. Gao and L. Gao and Q. Gao and H. Wang}, 
booktitle={2014 Second International Conference on Advanced Cloud and Big Data}, 
title={An Intrusion Detection Model Based on Deep Belief Networks}, 
year={2014}, 
volume={}, 
number={}, 
pages={247-252}, 
month={Nov},}

@INPROCEEDINGS{potluri2016, 
author={S. Potluri and C. Diedrich}, 
booktitle={2016 IEEE 21st International Conference on Emerging Technologies and Factory Automation (ETFA)}, 
title={Accelerated deep neural networks for enhanced Intrusion Detection System}, 
year={2016}, 
volume={}, 
number={}, 
pages={1-8}, 
month={Sept},}


@INPROCEEDINGS{tavallaee2009, 
author={M. Tavallaee and E. Bagheri and W. Lu and A. A. Ghorbani}, 
booktitle={2009 IEEE Symposium on Computational Intelligence for Security and Defense Applications}, 
title={A detailed analysis of the KDD CUP 99 data set}, 
year={2009}, 
pages={1-6}, 
month={July},}

@inproceedings{Naoum2012,
  title={An Enhanced Resilient Backpropagation Artificial Neural Network for Intrusion Detection System},
  author={Reyadh Shaker Naoum and Namh Abdula Abid and Zainab Namh Al-Sultani},
  booktitle={ International Journal of Computer Science and Network Security}, 
    volume={12},
  number={1},
  year={2012},
  month={March},}

@inproceedings{Javaid2016,
 author = {Javaid, Ahmad and Niyaz, Quamar and Sun, Weiqing and Alam, Mansoor},
 title = {A Deep Learning Approach for Network Intrusion Detection System},
 booktitle = {Proceedings of the 9th EAI International Conference on Bio-inspired Information and Communications Technologies (Formerly BIONETICS)},
 series = {BICT'15},
 year = {2016},
 location = {New York City, United States},
 pages = {21-26},
 numpages = {6},
 acmid = {2954780},
 publisher = {ICST (Institute for Computer Sciences, Social-Informatics and Telecommunications Engineering)},
 address = {ICST, Brussels, Belgium},}

@article{LIU2018,
title = "CNN and RNN based payload classification methods for attack detection",
journal = "Knowledge-Based Systems",
year = "2018",
author = "Hongyu Liu and Bo Lang and Ming Liu and Hanbing Yan",
keywords = "Payload, Deep learning, End-to-end, Attack detection"
}

@ARTICLE{Shone2018, 
author={N. Shone and T. N. Ngoc and V. D. Phai and Q. Shi}, 
journal={IEEE Transactions on Emerging Topics in Computational Intelligence}, 
title={A Deep Learning Approach to Network Intrusion Detection}, 
year={2018}, 
volume={2}, 
number={1}, 
pages={41-50}, 
month={Feb},}

@article{Yisroel2018,
  author    = {Yisroel Mirsky and
               Tomer Doitshman and
               Yuval Elovici and
               Asaf Shabtai},
  title     = {Kitsune: An Ensemble of Autoencoders for Online Network Intrusion Detection},
  journal   = {CoRR},

  year      = {2018},
  bibsource = {dblp computer science bibliography, https://dblp.org}
}
@article{kdd1999,
 author = {McHugh, John},
 title = {Testing Intrusion Detection Systems: A Critique of the 1998 and 1999 DARPA Intrusion Detection System Evaluations As Performed by Lincoln Laboratory},
 journal = {ACM Trans. Inf. Syst. Secur.},
 issue_date = {Nov. 2000},
 volume = {3},
 number = {4},
 month = nov,
 year = {2000},
 pages = {262--294},
 numpages = {33},
 acmid = {382923},
 publisher = {ACM},
 address = {New York, NY, USA},
} 
@InProceedings{Li2017,
author="Li, Zhipeng
and Qin, Zheng
and Huang, Kai
and Yang, Xiao
and Ye, Shuxiong",
editor="Liu, Derong
and Xie, Shengli
and Li, Yuanqing
and Zhao, Dongbin
and El-Alfy, El-Sayed M.",
title="Intrusion Detection Using Convolutional Neural Networks for Representation Learning",
booktitle="Neural Information Processing",
year="2017",
publisher="Springer International Publishing",
pages="858--866",

}
@article{dhanabal2015,
  title={A study on NSL-KDD dataset for intrusion detection system based on classification algorithms},
  author={Dhanabal, L and Shantharajah, SP},
  journal={International Journal of Advanced Research in Computer and Communication Engineering},
  volume={4},
  number={6},
  pages={446--452},
  year={2015}
}

@misc{NSLKDD,
title= "NSL-KDD dataset",
url="http://www.unb.ca/cic/datasets/nsl.html",
}
@InProceedings{salama2011,
author="Salama, Mostafa A.
and Eid, Heba F.
and Ramadan, Rabie A.
and Darwish, Ashraf
and Hassanien, Aboul Ella",
editor="Gaspar-Cunha, Ant{\'o}nio
and Takahashi, Ricardo
and Schaefer, Gerald
and Costa, Lino",
title="Hybrid Intelligent Intrusion Detection Scheme",
booktitle="Soft Computing in Industrial Applications",
year="2011",
publisher="Springer Berlin Heidelberg",
address="Berlin, Heidelberg",
pages="293--303",
}

@Article{Pandeeswari2016,
author="Pandeeswari, N.
and Kumar, Ganesh",
title="Anomaly Detection System in Cloud Environment Using Fuzzy Clustering Based ANN",
journal="Mobile Networks and Applications",
year="2016",
month="Jun",
day="01",
volume="21",
number="3",
pages="494--505",
}

@article{FIORE2013,
title = "Network anomaly detection with the restricted Boltzmann machine",
journal = "Neurocomputing",
volume = "122",
pages = "13 - 23",
year = "2013",
note = "Advances in cognitive and ubiquitous computing",
issn = "0925-2312",
author = "Ugo Fiore and Francesco Palmieri and Aniello Castiglione and Alfredo De Santis",}


@article{SOKOLOVA2009,
title = {A systematic analysis of performance measures for classification tasks},
journal = {Information Processing \& Management},
volume = {45},
number = {4},
pages = {427 - 437},
year = {2009},
author = {Marina Sokolova and Guy Lapalme},}

inproceedings{hardy2016,
  title={DL4MD: A deep learning framework for intelligent malware detection},
  author={Hardy, William and Chen, Lingwei and Hou, Shifu and Ye, Yanfang and Li, Xin},
  booktitle={Proceedings of the International Conference on Data Mining (DMIN)},
  pages={61},
  year={2016},
  organization={The Steering Committee of The World Congress in Computer Science, Computer Engineering and Applied Computing (WorldComp)}
}





@online{keras,
   Author={F. Chollet},
   Title={Keras: The Python Deep Learning library},
   Year={2013},
   url={https://keras.io/}
}
@misc{tensorflow2015-whitepaper,
title={ {TensorFlow}: Large-Scale Machine Learning on Heterogeneous Systems},
url={https://www.tensorflow.org/},
year={2015}}

@misc{tensorflowlite,
title= {TensorFlow Lite: A new mobile-specific library },
url={https://www.tensorflow.org/mobile/tflite/},
year={2017},}

@article{ABAWAJY2018,
title = "Identifying cyber threats to mobile-IoT applications in edge computing paradigm",
journal = "Future Generation Computer Systems",
year = "2018",
author = "Jemal Abawajy and Shamsul Huda and Shaila Sharmeen and Mohammad Mehedi Hassan and Ahmad Almogren",
}

@INPROCEEDINGS{Tang2016, 
author={T. A. Tang and L. Mhamdi and D. McLernon and S. A. R. Zaidi and M. Ghogho}, 
booktitle={2016 International Conference on Wireless Networks and Mobile Communications (WINCOM)}, 
title={Deep learning approach for Network Intrusion Detection in Software Defined Networking}, 
year={2016}, 
volume={}, 
number={}, 
pages={258-263}, 
month={Oct},}

@INPROCEEDINGS{Kaynar2017, 
author={O. Kaynar and A. G. Yüksek and Y. Görmez and Y. E. Işik}, 
booktitle={25th Signal Processing and Communications Applications Conference (SIU)}, 
title={Intrusion detection with autoencoder based deep learning machine}, 
year={2017},
month={May},
volume={}, 
number={}, 
pages={1-4}, 
}

@article{
ref:survey18,
  Author  = {
 Brian Lee and Sandhya Amaresh and Clifford Green and Daniel Engels}, year={2018}, 
 title={Comparative Study of Deep Learning Models for Network Intrusion Detection},
 Journal ={ SMU Data Science Review, Article 8},
 volume = "1",
number = "1", }

@article{
ref:ppWAN17,
   Author  = {Jindong Wang and Yiqiang Chen and Shuji Hao and Xiaohui Peng and Lisha Hu},
   Title   = {Deep Learning for Sensor-based Activity Recognition: A Survey},
   Journal = {arXiv preprint},
   Note    = {1707.03502},
   Year    = {2017}
}

@article {ref:Park2017,
title = "Network Intrusion Detection Using Stacked Denoising Autoencoder",
journal = "Advanced Science Letters",
year = "2017",
volume = "23",
number = "10",
pages = "9907-9911",
issn = "1936-6612",
doi = {doi:10.1166/asl.2017.9823},
author = {Park, Seongchul and Seo, Sanghyun and Kim, Juntae},
}


@article{RN90,
   author = {Aburomman, A. A. and Reaz, M. B.},
   title = {A survey of intrusion detection systems based on ensemble and hybrid classifiers},
   journal = {Computers & Security},
   volume = {65},
   pages = {135-152},
   ISSN = {0167-4048},
   url = {<Go to ISI>://WOS:000395225000010},
   year = {2017},
   type = {Journal Article}
}

@article{RN58,
   author = {Adibi, M. A. and Shahrabi, J.},
   title = {Online Anomaly Detection Based on Support Vector Clustering},
   journal = {International Journal of Computational Intelligence Systems},
   volume = {8},
   number = {4},
   pages = {735-746},
   ISSN = {1875-6891},
   url = {<Go to ISI>://WOS:000356304100001},
   year = {2015},
   type = {Journal Article}
}

@article{RN92,
   author = {Akyol, A. and Hacibeyoglu, M. and Karlik, B.},
   title = {Design of Multilevel Hybrid Classifier with Variant Feature Sets for Intrusion Detection System},
   journal = {Ieice Transactions on Information and Systems},
   volume = {E99d},
   number = {7},
   pages = {1810-1821},
   ISSN = {1745-1361},
   url = {<Go to ISI>://WOS:000381562700008},
   year = {2016},
   type = {Journal Article}
}


@article{RN41,
   author = {Pajouh, H. H. and Dastghaibyfard, G. and Hashemi, S.},
   title = {Two-tier network anomaly detection model: a machine learning approach},
   journal = {Journal of Intelligent Information Systems},
   volume = {48},
   number = {1},
   pages = {61-74},
   ISSN = {0925-9902},
   url = {<Go to ISI>://WOS:000392337100003},
   year = {2017},
   type = {Journal Article}
}


@article{Tan2015,
   author = {Tan, Z. Y. and Jamdagni, A. and He, X. J. and Nanda, P. and Liu, R. P. and Hu, J. K.},
   title = {Detection of Denial-of-Service Attacks Based on Computer Vision Techniques},
   journal = {Ieee Transactions on Computers},
   volume = {64},
   number = {9},
   pages = {2519-2533},
   ISSN = {0018-9340},
   url = {<Go to ISI>://WOS:000359236500008},
   year = {2015},
   type = {Journal Article}
}

@article{RNvasudevan2016,
   author = {Vasudevan, A. R. and Selvakumar, S.},
   title = {Local outlier factor and stronger one class classifier based hierarchical model for detection of attacks in network intrusion detection dataset},
   journal = {Frontiers of Computer Science},
   volume = {10},
   number = {4},
   pages = {755-766},
   ISSN = {2095-2228},
   url = {<Go to ISI>://WOS:000379533100014},
   year = {2016},
   type = {Journal Article}
}

@article{RNVelea2017,
   author = {Velea, R. and Ciobanip, C. and Margarit, L. and Bica, I.},
   title = {Network Traffic Anomaly Detection Using Shallow Packet Inspection and Parallel K-means Data Clustering},
   journal = {Studies in Informatics and Control},
   volume = {26},
   number = {4},
   pages = {387-395},
   ISSN = {1220-1766},
   url = {<Go to ISI>://WOS:000423249900003},
   year = {2017},
   type = {Journal Article}
}

@article{RNXiang2016,
   author = {Xiang, Z. Y. and Xiao, Z. and Wang, D. and Georges, H. M.},
   title = {Incremental semi-supervised kernel construction with self-organizing incremental neural network and application in intrusion detection},
   journal = {Journal of Intelligent & Fuzzy Systems},
   volume = {31},
   number = {2},
   pages = {815-823},
   ISSN = {1064-1246},
   url = {<Go to ISI>://WOS:000381842400014},
   year = {2016},
   type = {Journal Article}
}

@article{RNyin2017,
   author = {Yin, C. L. and Zhu, Y. F. and Fei, J. L. and He, X. Z.},
   title = {A Deep Learning Approach for Intrusion Detection Using Recurrent Neural Networks},
   journal = {Ieee Access},
   volume = {5},
   pages = {21954-21961},
   ISSN = {2169-3536},
   url = {<Go to ISI>://WOS:000414734300006},
   year = {2017},
   type = {Journal Article}
}
@inproceedings{Li2015,
  title={A Hybrid Malicious Code Detection Method based on Deep Learning},
  author={Yuancheng Li and Rong Ma and Runhai Jiao},
  year={2015}
}
@inproceedings{Farah2018, 
author={F. Farahnakian and J. Heikkonen}, 
booktitle={2018 18th International Conference on Advanced Communication Technology}, 
title={A deep auto-encoder based approach for intrusion detection system}, 
year={2018}, 
pages={1-6}, 
month={Feb},}

@article{Mao2017,
  title={Routing or computing? the paradigm shift towards intelligent computer network packet transmission based on deep learning},
  author={Mao, Bomin and Fadlullah, Zubair Md and Tang, Fengxiao and Kato, Nei and Akashi, Osamu and Inoue, Takeru and Mizutani, Kimihiro},
  journal={IEEE Transactions on Computers},
  volume={66},
  number={11},
  pages={1946--1960},
  year={2017},
  publisher={IEEE}
}